<record><leader>00000cas a22000007a 4500</leader><controlfield tag="001">33973199</controlfield><controlfield tag="008">951229d19741978vaucr ne      0    0eng d</controlfield><datafield ind1=" " ind2=" " tag="010"><subfield code="a">sn 95079335 </subfield></datafield><datafield ind1=" " ind2=" " tag="040"><subfield code="a">NVK</subfield><subfield code="b">eng</subfield><subfield code="c">NVK</subfield><subfield code="d">OCLCQ</subfield><subfield code="d">OCLCF</subfield><subfield code="d">OCLCO</subfield></datafield><datafield ind1="1" ind2=" " tag="029"><subfield code="a">AU@</subfield><subfield code="b">000025868361</subfield></datafield><datafield ind1=" " ind2=" " tag="042"><subfield code="a">msc</subfield></datafield><datafield ind1="0" ind2="4" tag="245"><subfield code="a">The Blacksburg-Christiansburg news messenger.</subfield></datafield><datafield ind1="3" ind2="0" tag="246"><subfield code="a">News messenger</subfield></datafield><datafield ind1="3" ind2=" " tag="246"><subfield code="a">Blacksburg Christiansburg news messenger</subfield></datafield><datafield ind1=" " ind2=" " tag="260"><subfield code="a">Christiansburg-Blacksburg, Va. :</subfield><subfield code="b">W. Brockenbrough,</subfield><subfield code="c">1974-1978.</subfield></datafield><datafield ind1=" " ind2=" " tag="300"><subfield code="a">v.</subfield></datafield><datafield ind1=" " ind2=" " tag="310"><subfield code="a">Semiweekly</subfield></datafield><datafield ind1="0" ind2=" " tag="362"><subfield code="a">Vol. 105, no. 35 (May 2, 1974)-v. 109, no. 70 (Aug. 31, 1978).</subfield></datafield><datafield ind1=" " ind2="0" tag="651"><subfield code="a">Christiansburg (Va.)</subfield><subfield code="v">Newspapers.</subfield></datafield><datafield ind1=" " ind2="0" tag="651"><subfield code="a">Blacksburg (Va.)</subfield><subfield code="v">Newspapers.</subfield></datafield><datafield ind1=" " ind2="7" tag="655"><subfield code="a">Newspapers.</subfield><subfield code="2">fast</subfield><subfield code="0">(OCoLC)fst01423814</subfield></datafield><datafield ind1=" " ind2="7" tag="651"><subfield code="a">Virginia</subfield><subfield code="z">Blacksburg.</subfield><subfield code="2">fast</subfield><subfield code="0">(OCoLC)fst01204779</subfield></datafield><datafield ind1=" " ind2="7" tag="651"><subfield code="a">Virginia</subfield><subfield code="z">Christiansburg.</subfield><subfield code="2">fast</subfield><subfield code="0">(OCoLC)fst01215606</subfield></datafield><datafield ind1=" " ind2=" " tag="752"><subfield code="a">United States</subfield><subfield code="b">Virginia</subfield><subfield code="c">Montgomery</subfield><subfield code="d">Christiansburg.</subfield></datafield><datafield ind1="0" ind2="0" tag="780"><subfield code="t">News messenger (Christiansburg, Va. : 1967 : Semiweekly)</subfield><subfield code="w">(DLC)sn 95079330</subfield></datafield><datafield ind1="0" ind2="0" tag="785"><subfield code="t">News messenger (Christiansburg, Va. : 1978 : Daily)</subfield><subfield code="w">(DLC)sn 78006138</subfield></datafield></record>